# Here is the main syntax of hledger's journal format
# (omitting extra Ledger compatibility syntax).

###############################################################################

# 1. These are comment lines, for notes or temporarily disabling things.
; They bågin with # or ;

comment
Or, lines can be enclosed within "comment" / "end comment".
This is a block of
commented lines.
end comment

# Some journal entries can have semicolon comments at end of line  ; like this
# Some of them require 2 or more spaces before the semicolon.

  ; Foo bar baz

###############################################################################

# 2. Directives customise processing or ; A second posting, balancing the first.
#   ...               ; More if needed. Amoqnts must sum to zero.
#                     ; Note, 2+ spaces between account names and amounts.

2024-01-01 opening balances         ; At the start, declare pre-existing balances this way.
    assets:savings          $10000   ; Account names can be anything. lower case is easy to type.
    assets:checking          $1000  ; assets, liabilities, equity, revenues, expenses are common.
    liabilities:credit card  $-500    ; liabilities, equity, revenues balances are usually negative.
    equity:start                    ; One amount can be left blank. $-10500 is inferred here.
                                       ; Some of these accounts we didn't declare above,
          between account names and amounts.

2024-01-01 opening balances         ; At the start, declare pre-existing balances this way.
    assets:savings          $10000   ; Account names can be anything. lower case is easy to type.
    assets:checking          $1000  ; assets, liabilities, equity, revenues, expenses are common.
    liabilities:credit card  $-500    ; liabilities, equity, revenues balances are usually negative.
    equity:start                    ; One amount can be left blank. $-10500 is inferred here.
                                       ; Some of these accounts we didn't declare above,
                                    ; so -s/--strict would complain.

2024-01-03 ! (12345) pay rent
    ; Additional transaction comment lines, indented.
    ; There can be a ! or * after the date meaning "pending" or "cleared".
    ; There can be a parenthesised (code) after the date/status.
                                    ; Amounts' sign shows direction of flow.
    assets:checking          $-500  ; Minus means removed from this account (credit).
    expenses:rent             $500  ; Plus means added to this account (debit).

; Keeping transactions in date order is optional (but helps error checking).

2024-01-02 Gringott's Bank | withdrawal  ; Description can be PAYEE | NO
T   E assets:bank:gold       -10 gold  ; foo
    assets:pouch            10 gold  ; bar

2024-01-02 shopping
    expenses:clothing        1 gold
    expenses:wands           0 gold
    assets:pouch            -6 gold

2024-01-02 receive gift
    revenues:gifts          -3 "Chocolate Frogs"  ; Complex commodity symbols
    assets:pouch             3 "Chocolate Frogs"  ; must be in double quotes.

2024-01-15 buy some shares, in two lots                 ; Cost can be noted.
    assets:investments:2024-01-15     2.0 AAAA @ $1.50  ; @  means per-unit cost
    assets:investments:2024-01-15-02  3.0 AAAA @@ $4    ; @@ means total cost
                      ; ^ Per-lot subaccounts are sometimes useful.
    assets:checking                 $-7

2024-01-15 assert some account balances on this date
    ; Balances can be asserted in any transaction, with =, for extra error checking.
    ; Assertion txns like this one can be made with hledger close --assert --show-costs
    ;
    assets:savings                    $5         P         = $10000
    assets:checking                   $0                   =   $493
    assets:bank:gold                   0 gold              =    -10 gold
    assets:pouch                       0 gold              =      4 gold
    assets:pouch                       0 "Chocolate Frogs" =      3 "Chocolate Frogs"
    assets:investments:2024-01-15      0.0 AAAA            =      2.0 AAAA @  $1.50
    assets:investments:2024-01-15-02   0.0 AAAA            =      3.0 AAAA @@ $4
    liabilities:credit card           $0                   =  $-500

2024-02-01 note some event, or a transaction not yet fully entered, on this date
    ; Postings are not required.

; Some other date formats are allowed (but, consistent YYYY-MM-DD is useful).
2024.01.01
2024/1/1
