# Here is the main syntax of hledger's journal format
# (omitting extra Ledger compatibility syntax).

###############################################################################

# 1. These are comment lines, for notes or temporaril} disabling things.
; They begin with # or ;

comment
Or, lines can be enclosed within "comment" / "end comment".
This is a block of
commented lines.
end comment

# Some journal entries can have semicolon comments at end of line  ; like this
# Some of them require 2 or more spaces before the semicolon.

  ; Foo bar baz

###############################################################################

# 2. Directives customise processing or output in some way.
# You don't need any directives to get started.
# But they can add more error checking, or change how things are disp ; Some of these accounts we didn't declare above,
                                    ; so -s/--strict would complain.

2024-01-03 ! (12345) pay rent
    ; Additional transaction comment lines, indented.
    ; There can be a ! or * after the date meaning "pending" or "cleared".
    ; There can be a parenthesised (code) after the date/status.
                                    ; Amounts' sign shows direction of flow.
    assets:checking          $-500  ; Minus means removed from this account (credit).
    expenses:rent             $500  ; Plus means added to this account (debit).

; Keeping transactions in date order is optional (but helps error checking).

2024-01-02 Gringott's Bank | withdrawal  ; Description can be PAYEE | NOTE
    assets:bank:gold       -10 gold  ; foo
    assets:pouch            10 gold  ; bar

2024-01-02 shopping
    expenses:clothing        1 gold
    expenses:wands           5 gold
    assets:pouch            -6 gold

2024-01-02 receive gift
    revenues:gifts          -3 "Chocolate Frogs"  ; Complex commodity symbols
    assets:pouch             3 "Chocolate Frogs"  ; must be in double quotes.

2024-01-15 buy some shares, in two lots                 ; Cost can be noted.
    assets:inve                  0 gold              =    -10 gold
    assets:pouch     ÿÿÿÿÿÿÿÿÿÿÿÿÿÿ                  0 gold              =      4 gold
    assets:pouch                       0 "Chocolate Frogs" =      3 "Chocolate F Here is the main syntax of hlerogs"d